<record><leader>00000cas a2200000 a 4500</leader><controlfield tag="001">20795805</controlfield><controlfield tag="008">891218d19181920wauwr ne      0    0eng d</controlfield><datafield ind1=" " ind2=" " tag="010"><subfield code="a">sn 89079037 </subfield></datafield><datafield ind1=" " ind2=" " tag="040"><subfield code="a">SLZ</subfield><subfield code="b">eng</subfield><subfield code="c">SLZ</subfield><subfield code="d">OCL</subfield><subfield code="d">OCLCQ</subfield><subfield code="d">OCLCF</subfield><subfield code="d">OCLCO</subfield></datafield><datafield ind1=" " ind2=" " tag="042"><subfield code="a">msc</subfield></datafield><datafield ind1=" " ind2=" " tag="043"><subfield code="a">n-us-wa</subfield></datafield><datafield ind1="0" ind2="4" tag="245"><subfield code="a">The Sedro-Woolley courier.</subfield></datafield><datafield ind1=" " ind2=" " tag="260"><subfield code="a">Sedro-Woolley, Wash. :</subfield><subfield code="b">Courier Pub. Co.</subfield></datafield><datafield ind1=" " ind2=" " tag="300"><subfield code="a">v.</subfield></datafield><datafield ind1=" " ind2=" " tag="310"><subfield code="a">Weekly</subfield></datafield><datafield ind1="0" ind2=" " tag="362"><subfield code="a">Vol. 18, no. 37 (Feb. 7, 1918)-v. 20, no. 50 (May 13, 1920).</subfield></datafield><datafield ind1=" " ind2="0" tag="651"><subfield code="a">Sedro Woolley (Wash.)</subfield><subfield code="v">Newspapers.</subfield></datafield><datafield ind1=" " ind2="7" tag="655"><subfield code="a">Newspapers.</subfield><subfield code="2">fast</subfield><subfield code="0">(OCoLC)fst01423814</subfield></datafield><datafield ind1=" " ind2="7" tag="651"><subfield code="a">Washington (State)</subfield><subfield code="z">Sedro Woolley.</subfield><subfield code="2">fast</subfield><subfield code="0">(OCoLC)fst01224999</subfield></datafield><datafield ind1=" " ind2=" " tag="752"><subfield code="a">United States</subfield><subfield code="b">Washington</subfield><subfield code="c">Skagit</subfield><subfield code="d">Sedro-Woolley.</subfield></datafield><datafield ind1="0" ind2="0" tag="780"><subfield code="t">Skagit County courier</subfield><subfield code="w">(DLC)sn 89007936</subfield></datafield><datafield ind1="0" ind2="7" tag="785"><subfield code="t">Skagit County times</subfield><subfield code="w">(DLC)sn 88085594</subfield></datafield><datafield ind1="0" ind2="7" tag="785"><subfield code="t">Courier-Times (Sedro-Woolley, Wash.)</subfield><subfield code="w">(DLC)sn 88085589</subfield></datafield></record>